<?xml version='1.0' encoding='UTF-8'?>
<record xmlns="http://www.loc.gov/MARC21/slim">
  <leader>02017cam a2200397 a 4500</leader>
  <controlfield tag="001">479336</controlfield>
  <controlfield tag="003">NjP</controlfield>
  <controlfield tag="005">20170905102857.0</controlfield>
  <controlfield tag="008">881116s1983    ir            000 0dara d</controlfield>
  <datafield tag="024" ind1="7" ind2=" ">
    <subfield code="a">princeton_aco002200</subfield>
    <subfield code="2">local</subfield>
  </datafield>
  <datafield ind1=" " ind2=" " tag="035">
    <subfield code="a">(OCoLC)ocn175568363</subfield>
  </datafield>
  <datafield ind1=" " ind2=" " tag="035">
    <subfield code="a">479336</subfield>
  </datafield>
  <datafield ind1=" " ind2=" " tag="040">
    <subfield code="a">NjP</subfield>
    <subfield code="c">PUL</subfield>
    <subfield code="d">PUL</subfield>
  </datafield>
  <datafield ind1=" " ind2=" " tag="035">
    <subfield code="a">(OCoLC)175568363</subfield>
  </datafield>
  <datafield ind1=" " ind2=" " tag="035">
    <subfield code="a">(CStRLIN)NJPG88-B57554</subfield>
  </datafield>
  <datafield ind1=" " ind2=" " tag="035">
    <subfield code="9">ACF5026TS</subfield>
  </datafield>
  <datafield ind1=" " ind2=" " tag="035">
    <subfield code="a">(NjP)479336</subfield>
  </datafield>
  <datafield ind1=" " ind2=" " tag="079">
    <subfield code="a">ocm26285946</subfield>
  </datafield>
  <datafield ind1=" " ind2=" " tag="049">
    <subfield code="a">PULL</subfield>
  </datafield>
  <datafield ind1="1" ind2=" " tag="100">
    <subfield code="6">880-01</subfield>
    <subfield code="a">Āl Firʻawn, al-Muzʹhir.</subfield>
  </datafield>
  <datafield ind1="1" ind2="0" tag="240">
    <subfield code="6">880-02</subfield>
    <subfield code="a">Ḥaqāʼiq al-nāṣiʻah fī al-thawrah al-ʻIrāqīyah sanat 1920.</subfield>
    <subfield code="k">Selections</subfield>
  </datafield>
  <datafield ind1="1" ind2="3" tag="245">
    <subfield code="6">880-03</subfield>
    <subfield code="a">al-Imām al-Shaykh Muḥammad Taqī al-Shīrāzī yushakkilu al-ḥukūmah al-Islāmīyah fī al-ʻIrāq /</subfield>
    <subfield code="c">[al-Muzʹhir Āl Firʻawn].</subfield>
  </datafield>
  <datafield ind1=" " ind2=" " tag="260">
    <subfield code="6">880-04</subfield>
    <subfield code="a">[Iran] :</subfield>
    <subfield code="b">Maktabat al-Imām al-Mahdī,</subfield>
    <subfield code="c">1404 [1983 or 1984]</subfield>
  </datafield>
  <datafield ind1=" " ind2=" " tag="300">
    <subfield code="a">107 p. ;</subfield>
    <subfield code="c">22 cm.</subfield>
  </datafield>
  <datafield ind1=" " ind2=" " tag="500">
    <subfield code="6">880-05</subfield>
    <subfield code="a">"Mukhtaṣar Kitāb ḥaqāʼiq al-nāṣiʻah fī al-thawrah al-ʻIrāqīyah sanat 1920"--P. facing t.p.</subfield>
  </datafield>
  <datafield ind1="1" ind2="0" tag="600">
    <subfield code="6">880-06</subfield>
    <subfield code="a">Shīrāzī, Muḥammad Taqī.</subfield>
    <subfield code="0">http://id.loc.gov/authorities/names/nr92027658</subfield>
  </datafield>
  <datafield ind1=" " ind2="0" tag="651">
    <subfield code="a">Iraq</subfield>
    <subfield code="x">History</subfield>
    <subfield code="y">Revolt, 1920.</subfield>
    <subfield code="0">http://id.loc.gov/authorities/subjects/sh85067946</subfield>
  </datafield>
  <datafield ind1="1" ind2=" " tag="880">
    <subfield code="6">100-01/r</subfield>
    <subfield code="a">آل فرعون، المزهر.</subfield>
  </datafield>
  <datafield ind1="1" ind2="0" tag="880">
    <subfield code="6">240-02/r</subfield>
    <subfield code="a">حقائق الناصعة في الثورة العراقية سنة 1920.</subfield>
    <subfield code="k">Selections</subfield>
  </datafield>
  <datafield ind1="1" ind2="2" tag="880">
    <subfield code="6">245-03/r</subfield>
    <subfield code="a">الامام الشيخ محمد تقي الشيرازي يشكل الحكومة الاسلامية في العراق /</subfield>
    <subfield code="c">[المزهر آل فرعون].</subfield>
  </datafield>
  <datafield ind1=" " ind2=" " tag="880">
    <subfield code="6">260-04/r</subfield>
    <subfield code="a">[ايران] :</subfield>
    <subfield code="b">مكتبة الامام المهدي،</subfield>
    <subfield code="c">1404 [1983 or 1984]</subfield>
  </datafield>
  <datafield ind1=" " ind2=" " tag="880">
    <subfield code="6">500-05/r</subfield>
    <subfield code="a">"مختصر كتاب حقائق الناصعة في الثورة العراقية سنة 1920"--P. facing t.p.</subfield>
  </datafield>
  <datafield ind1="1" ind2="0" tag="880">
    <subfield code="6">600-06/r</subfield>
    <subfield code="a">شيرازي، محمد تقي.</subfield>
  </datafield>
  <datafield ind1=" " ind2=" " tag="998">
    <subfield code="a">07/22/92</subfield>
    <subfield code="s">9118</subfield>
    <subfield code="n">NjP</subfield>
    <subfield code="w">NJPG88B57554</subfield>
    <subfield code="d">11/16/88</subfield>
    <subfield code="c">JEB</subfield>
    <subfield code="b">JEB</subfield>
    <subfield code="i">920722</subfield>
    <subfield code="l">NJPG</subfield>
  </datafield>
  <datafield ind1=" " ind2=" " tag="911">
    <subfield code="a">19921028</subfield>
  </datafield>
  <datafield ind1=" " ind2=" " tag="912">
    <subfield code="a">19991020062701.0</subfield>
  </datafield>
  <datafield ind1=" " ind2=" " tag="994">
    <subfield code="a">C0</subfield>
    <subfield code="b">PUL</subfield>
  </datafield>
  <datafield ind1=" " ind2=" " tag="999">
    <subfield code="a">479336</subfield>
  </datafield>
  <datafield ind1="0" ind2="0" tag="852">
    <subfield code="0">520852</subfield>
    <subfield code="b">nec</subfield>
    <subfield code="t">1</subfield>
    <subfield code="h">DS79.6.S54</subfield>
    <subfield code="i">A434 1983</subfield>
  </datafield>
  <datafield ind1=" " ind2=" " tag="959">
    <subfield code="a">2000-06-13 00:00:00 -0400</subfield>
  </datafield>
</record>
